@article{berger1998chytridiomycosis,
  title={Chytridiomycosis causes amphibian mortality associated with population declines in the rain forests of Australia and Central America},
  author={Berger, Lee and Speare, Rick and Daszak, Peter and Green, D Earl and Cunningham, Andrew A and Goggin, C Louise and Slocombe, Ron and Ragan, Mark A and Hyatt, Alex D and McDonald, Keith R and others},
  journal={Proceedings of the National Academy of Sciences},
  volume={95},
  number={15},
  pages={9031--9036},
  year={1998},
  publisher={National Acad Sciences}
}

@article{article,
author = {Berger, Lee and Roberts, Alexandra and Voyles, Jamie and Longcore, Joyce and Murray, Kris and Skerratt, Lee},
year = {2016},
month = {02},
pages = {89-99},
title = {History and recent progress on chytridiomycosis in amphibians},
volume = {19},
journal = {Fungal Ecology},
doi = {10.1016/j.funeco.2015.09.007}
}

@article{scheele2021conservation,
  title={Conservation translocations for amphibian species threatened by chytrid fungus: A review, conceptual framework, and recommendations},
  author={Scheele, Ben C and Hollanders, Matthijs and Hoffmann, Emily P and Newell, David A and Lindenmayer, David B and McFadden, Michael and Gilbert, Deon J and Grogan, Laura F},
  journal={Conservation Science and Practice},
  volume={3},
  number={11},
  pages={e524},
  year={2021},
  publisher={Wiley Online Library}
}

@article{bosch2015successful,
  title={Successful elimination of a lethal wildlife infectious disease in nature},
  author={Bosch, Jaime and Sanchez-Tom{\'e}, Eva and Fern{\'a}ndez-Loras, Andr{\'e}s and Oliver, Joan A and Fisher, Matthew C and Garner, Trenton WJ},
  journal={Biology letters},
  volume={11},
  number={11},
  pages={20150874},
  year={2015},
  publisher={The Royal Society}
}